@article{masoudi2016software,
  title={Software defined networks: A survey},
  author={Masoudi, Rahim and Ghaffari, Ali},
  journal={Journal of Network and computer Applications},
  volume={67},
  pages={1--25},
  year={2016},
  publisher={Elsevier}
}
@article{bakhshi2017state,
  title={State of the art and recent research advances in software defined networking},
  author={Bakhshi, Taimur and others},
  journal={Wireless Communications and Mobile Computing},
  volume={2017},
  year={2017},
  publisher={Hindawi}
}
@article{zhang2018survey,
  title={A survey on software defined networking with multiple controllers},
  author={Zhang, Yuan and Cui, Lin and Wang, Wei and Zhang, Yuxiang},
  journal={Journal of Network and Computer Applications},
  volume={103},
  pages={101--118},
  year={2018},
  publisher={Elsevier}
}
@article{karakus2017quality,
  title={Quality of service (QoS) in software defined networking (SDN): A survey},
  author={Karakus, Murat and Durresi, Arjan},
  journal={Journal of Network and Computer Applications},
  volume={80},
  pages={200--218},
  year={2017},
  publisher={Elsevier}
}
@article{mishra2017software,
  title={Software defined networking: research issues, challenges and opportunities},
  author={Mishra, Shailendra and AlShehri, Mohammed Abdul Rahman},
  journal={Indian Journal of Science and Technology},
  volume={10},
  number={29},
  pages={1--9},
  year={2017}
}